<record><leader>00000cas a2200000 a 4500</leader><controlfield tag="001">12169091</controlfield><controlfield tag="008">850618d18761883ksuwr ne      0    0eng d</controlfield><datafield ind1=" " ind2=" " tag="010"><subfield code="a">sn 85030615 </subfield></datafield><datafield ind1=" " ind2=" " tag="040"><subfield code="a">KSH</subfield><subfield code="b">eng</subfield><subfield code="c">KSH</subfield><subfield code="d">NPT</subfield><subfield code="d">OCL</subfield><subfield code="d">OCLCQ</subfield></datafield><datafield ind1=" " ind2=" " tag="042"><subfield code="a">msc</subfield></datafield><datafield ind1="0" ind2="0" tag="245"><subfield code="a">Neosho County record.</subfield></datafield><datafield ind1=" " ind2=" " tag="260"><subfield code="a">Erie, Kan. :</subfield><subfield code="b">Geo. W. McMillen,</subfield><subfield code="c">1876-1883.</subfield></datafield><datafield ind1=" " ind2=" " tag="300"><subfield code="a">8 v. ;</subfield><subfield code="c">50 cm.</subfield></datafield><datafield ind1=" " ind2=" " tag="310"><subfield code="a">Weekly</subfield></datafield><datafield ind1="0" ind2=" " tag="362"><subfield code="a">Vol. 1, no. 1 (May 5, 1876)-v. 8, no. 18 (Sept. 28, 1883).</subfield></datafield><datafield ind1=" " ind2=" " tag="500"><subfield code="a">Published by Ben J. Smith, Feb. 8, 1879-Sept. 28, 1883.</subfield></datafield><datafield ind1=" " ind2=" " tag="500"><subfield code="a">"Republican."</subfield></datafield><datafield ind1=" " ind2=" " tag="752"><subfield code="a">United States</subfield><subfield code="b">Kansas</subfield><subfield code="c">Neosho</subfield><subfield code="d">Erie.</subfield></datafield><datafield ind1="0" ind2="0" tag="785"><subfield code="t">Erie record (Erie, Kan. : 1883)</subfield><subfield code="w">(DLC)sn 85030616</subfield></datafield></record>